@article{Ra89,
  title={A tutorial on hidden Markov models and selected applications in speech recognition},
  author={Rabiner, Lawrence R},
  journal={Proceedings of the IEEE},
  volume={77},
  number={2},
  pages={257--286},
  year={1989},
  publisher={Ieee}
}

@inproceedings{Li15,
  title={Efficient learning of continuous-time hidden markov models for disease progression},
  author={Liu, Yu-Ying and Li, Shuang and Li, Fuxin and Song, Le and Rehg, James M},
  booktitle={Advances in neural information processing systems},
  pages={3600--3608},
  year={2015}
}
